<?xml version="1.0" encoding="UTF-8"?><collection xmlns="http://www.loc.gov/MARC21/slim"><record><leader>00650nam--2200181-i-4500</leader><controlfield tag="001">000031874</controlfield><controlfield tag="002">20161230</controlfield><controlfield tag="005">20161230201038</controlfield><controlfield tag="008">060222s1000------------r-----000-0-fre-d</controlfield><datafield ind1=" " ind2=" " tag="040"><subfield code="a">IFIN-HH</subfield></datafield><datafield ind1=" " ind2=" " tag="041"><subfield code="a">fre</subfield></datafield><datafield ind1=" " ind2=" " tag="080"><subfield code="a">539.12.162.8(043)</subfield></datafield><datafield ind1="1" ind2=" " tag="100"><subfield code="a">Maillard, Jacques</subfield></datafield><datafield ind1="1" ind2="0" tag="245"><subfield code="a">Production d`evenements ayant deux ou trois muons dans l`etat final lors de l`interaction sur nucleons de neutrinos et l`antineutrinos du faisceau a bande etroite d`energie maximale 200gev du cern</subfield><subfield code="b">These</subfield><subfield code="c">Jacques maillard</subfield></datafield><datafield ind1=" " ind2=" " tag="260"><subfield code="a">Paris</subfield><subfield code="b">Universite Pierre Et Marie Curie</subfield><subfield code="c">1978</subfield></datafield><datafield ind1=" " ind2=" " tag="300"><subfield code="a">252P</subfield></datafield><datafield ind1=" " ind2=" " tag="852"><subfield code="a">71064</subfield><subfield code="c">539.12</subfield></datafield><datafield ind1=" " ind2=" " tag="CAT"><subfield code="a">Sys</subfield><subfield code="c">20120109</subfield><subfield code="h">142159</subfield></datafield></record></collection>